% !TeX encoding = ISO-8859-1

@article{ oneShot, 
  title={One Shot Learning with Siamese Networks using Keras}, 
  url={https://towardsdatascience.com/}, 
  journal={towards data science}, 
  author={Harshall Lamba}, 
  year={2019}, 
  month={Jan}
 } 
 
 @article{ pictText,
   title={Traductor de Pictogramas a Texto}, 
   url={https://eprints.ucm.es/id/eprint/56627/1/1138049087-188701_JOS%C3%89_MAR%C3%8DA_L%C3%93PEZ_PULIDO_Entrega_TFG_Junio_Traductor_de_pictogramas_3940146_457579759.pdf}, 
   journal={ucm}, 
   author={Salvador Gonz\'{a}lez \'{A}lvarez and José María López Pulido}, 
   year={2019}, 
   month={Jun}
}

@article{ cnn,
    title ={An Introduction to Convolutional Neural Networks},
    url={https://arxiv.org/pdf/1511.08458.pdf},
    author ={Keiron O'Shea and Ryan Nash},
    journal={arxiv},
    year ={2015}
}

@article{ convolutionalLayers, 
  title={How Do Convolutional Layers Work in Deep Learning Neural Networks?}, 
  url={https://machinelearningmastery.com/convolutional-layers-for-deep-learning-neural-networks/}, 
  journal={Deep Learning for Computer Vision}, 
  author={Jason Brownlee}, 
  year={2019}, 
  month={Apr}
 } 
 
  @article{ agileAndTraditional, 
  title={Comparison between Agile and Traditional software development methodologies}, 
  url={https://www.researchgate.net/publication/278300889_Comparison_between_Agile_and_Traditional_software_development_methodologies/link/557eb52408ae26eada8e35a2/download},
  journal={ResearchGate}, 
  author={Mahdi JAVANMARD and Maryam ALIAN}, 
  year={2015}
 } 
 
 @article{ adam, 
  title={Adam: A method for stochastic optimization}, 
  url={https://arxiv.org/pdf/1412.6980.pdf},
  author={Diederik P. Kingma and Jimmy Lei Ba}, 
  year={2015}
 } 
 
  @book{ aacChildrenAdults, 
  title={Augmentative & Alternative Communication},
  subtitle={Supporting Children and Adults with Complex Communication Needs},
  author={David R. Beukelman and Janice C. Light}, 
  journal={Brookes Publishing},
  year={2013}
 } 
 
 
 @article{ objectRecognition, 
  title={A Gentle Introduction to Object Recognition With Deep Learning}, 
  url={https://machinelearningmastery.com/object-recognition-with-deep-learning/},
  journal={Deep Learning for Computer Vision},
  author={Jason Brownlee}, 
  year={2019}
 } 
 
  @article{ yolo, 
  title={You Only Look Once: Unified, Real-Time Object Detection}, 
  url={https://arxiv.org/pdf/1506.02640.pdf},
  author={Joseph Redmon, Santosh Divvala, Ross Girshick and Ali Farhadi}, 
  year={2016}
 }
 
 @article{ yolo2, 
  title={YOLO9000: Better, Faster, Stronger}, 
  url={https://arxiv.org/pdf/1612.08242.pdf},
  author={Joseph Redmon and Ali Farhadi}, 
  year={2016}
 }
 
 @article{ yolo3, 
  title={YOLOv3: An Incremental Improvement}, 
  url={https://arxiv.org/pdf/1804.02767v1.pdf},
  author={Joseph Redmon and Ali Farhadi}, 
  year={2018}
 }
 
  @article{ yolo4, 
  title={YOLOv4: Optimal Speed and Accuracy of Object Detection}, 
  url={https://arxiv.org/abs/2004.10934},
  author={Alexey Bochkovskiy, Chien-Yao Wang and Hong-Yuan Mark Liao}, 
  year={2020}
 }
 
 @book{continuousIntegration,
    author    = "Grady Booch",
    title     = "Object Oriented Design with Applications",
    year      = "1991",
    publisher = "Benjamin/Cummings Publishing Company"
}

 @book{rest,
    author    = "Roy Thomas Fielding",
    title     = "Architectural Styles and the Design of Network-based Software Architectures",
    year      = "2000",
    publisher = "University of California, Irvine",
    chapter     = 5
}

 @book{restful,
    author    = "Leonard Richardson and Sam Ruby",
    title     = "RESTful Web Services",
    year      = "2007",
    publisher = "O'Reilly Media, Inc."
}

@article{ rcnn, 
  title={Rich feature hierarchies for accurate object detection and semantic segmentation}, 
  url={https://arxiv.org/pdf/1311.2524.pdf},
  author={Ross Girshick, Jeff Donahue, Trevor Darrell, Jitendra Malik and UC Berkeley}, 
  year={2014}
 }
 
 @article{ fast_rcnn, 
  title={Fast R-CNN}, 
  url={https://arxiv.org/pdf/1504.08083.pdf},
  author={Ross Girshick}, 
  year={2015}
 }
 
 @article{ faster_rcnn, 
  title={Faster R-CNN: Towards Real-Time ObjectDetection with Region Proposal Networks}, 
  url={https://arxiv.org/pdf/1506.01497.pdf},
  author={Shaoqing Ren, Kaiming He, Ross Girshick and Jian Sun}, 
  year={2016}
 }
 
  @article{ cascade_rcnn, 
  title={Cascade R-CNN: Delving into High Quality Object Detection}, 
  url={https://arxiv.org/pdf/1712.00726.pdf},
  author={Zhaowei Cai and Nuno Vasconcelos}, 
  year={2017}
 }
 
   @article{ ssd, 
  title={SSD: Single Shot MultiBox Detector}, 
  url={https://arxiv.org/pdf/1512.02325.pdf},
  author={Wei Liu, Dragomir Anguelov, Dumitru Erhan, Christian Szegedy, Scott Reed, Cheng-Yang Fu and Alexander C. Berg}, 
  year={2016}
 }
 
    @article{ RefineDet, 
  title={Single-Shot Refinement Neural Network for Object Detection}, 
  url={https://arxiv.org/pdf/1711.06897.pdf},
  author={Shifeng Zhang, Longyin Wen, Xiao Bian, Zhen Lei and Stan Z. Li}, 
  year={2018}
 }
 
 @article{ dcnn, 
  title={Deformable Convolutional Networks}, 
  url={https://arxiv.org/pdf/1703.06211.pdf},
  author={Jifeng Dai, Haozhi Qi, Yuwen Xiong, Yi Li, Guodong Zhang, Han Hu and Yichen Wei}, 
  year={2017}
 }
 
 @INPROCEEDINGS{Viola01robustreal-time,
    author = {Paul Viola and Michael Jones},
    title = {Robust Real-time Object Detection},
    booktitle = {International Journal of Computer Vision},
    year = {2001}
}

@MISC{Viola01rapidobject,
    author = {Paul Viola and Michael Jones},
    title = {Rapid object detection using a boosted cascade of simple features},
    year = {2001}
}

@article{ local_scale-invariant, 
  title={Object Recognition from Local Scale-Invariant Features}, 
  url={https://www.cs.ubc.ca/~lowe/papers/iccv99.pdf},
  author={David G. Lowe}, 
  year={1999}
 }
 
 @article{ svm, 
  title={Support-Vector Networks}, 
  url={http://image.diku.dk/imagecanon/material/cortes_vapnik95.pdf},
  author={Corinna Cortes and Vladimir Vapnik}, 
  year={1995}
 }
 
 @article{ machineLearning, 
  title={Machine Learning}, 
  url={http://www.cs.cmu.edu/~tom/mlbook.html},
  author={Tom Mitchell}, 
  year={1997}
 }
 
  @article{ neuralnet, 
  title={Neural Networks in Materials Science}, 
  url={https://www.phase-trans.msm.cam.ac.uk/abstracts/neural.review.pdf},
  author={Bhadeshia H. K. D. H.}, 
  year={1999}
 }
 
 
 






