% !TeX encoding = ISO-8859-1
@article{editorPictogramas,
    author =       {{Carlos Ruiz Martín and Paloma Galván Calleja}},
    title =        {EDITOR PREDICTIVO DE MENSAJES EN PICTOGRAMAS},
    year =         "2013/2014"
}

@article{pictar,
    author =       {{Alejandro Martín Guerrero}},
    title =        {PICTAR: una herramienta deelaboración de contenido para personascon TEA basada en la traducción detexto a pictogramas},
    year =         "2017/2018"
}

@article{intersaac,
    author =       {{Eva María Gil García}},
    title =        {INTERacción comunicativa en mensajería instantánea bajo sistemas SAACs},
    year =         "2014/2015"
}


@article{pict2text1,
    author =       {{Salvador González Álvarez and José María López Pulido}},
    title =        {TraductordePictogramasaTexto},
    year =         "2014/2015"
}

@misc{wiki:ml,
  author = {{Machine learning}},
  title = "Machine learning --- {W}ikipedia{,} The Free Encyclopedia",
  url = "https://en.wikipedia.org/wiki/Machine_learning"
}

@misc{wiki:grayscale,
  author = {{Grayscale}},
  title = "Grayscale --- {W}ikipedia{,} The Free Encyclopedia",
  url = "https://en.wikipedia.org/wiki/Grayscale"
}

@misc{wiki:ann,
  author = {{Artificial neural network}},
  title = "Artificial neural network --- {W}ikipedia{,} The Free Encyclopedia",
  url = "https://en.wikipedia.org/wiki/Artificial_neural_network"
}

@article{cnn,
    author =       {{Keiron O’Shea and Ryan Nash}},
    title =        {An Introduction to Convolutional Neural Networks},
    year =         "2015"
}

@article{mnistdb,
    author =       {{Yann LeCun, Corinna Cortes and Christopher J.C. Burges}},
    title =        {THE MNIST DATABASE of handwritten digits}
}

@misc{wiki:rgb,
  author = {{RGB color model}},
  title = "RGB color model --- {W}ikipedia{,} The Free Encyclopedia",
  url = "https://en.wikipedia.org/wiki/RGB_color_model"
}

@misc{wiki:convolution,
  author = {{Convolution}},
  title = "Convolution --- {W}ikipedia{,} The Free Encyclopedia",
  url = "https://en.wikipedia.org/wiki/Convolution"
}

@article{convolutionalLayers, 
  title={How Do Convolutional Layers Work in Deep Learning Neural Networks?}, 
  url={https://machinelearningmastery.com/convolutional-layers-for-deep-learning-neural-networks/}, 
  journal={Deep Learning for Computer Vision}, 
  author={Jason Brownlee}, 
  year={2019}, 
  month={Apr}
 } 
 
 @article{agileAndTraditional, 
  title={Comparisonbetween Agile and Traditional software developmentmethodologies}, 
  url={https://www.researchgate.net/publication/278300889_Comparison_between_Agile_and_Traditional_software_development_methodologies/link/557eb52408ae26eada8e35a2/download},
  journal={ResearchGate}, 
  author={Mahdi JAVANMARD and Maryam ALIAN}, 
  year={2015}
 } 

@article{kanban, 
  title={A Review of Lean-Kanban Approaches in the Software Development}, 
  url={https://www.wseas.org/multimedia/journals/information/2013/5709-110.pdf}, 
  journal={towards data science}, 
  author={Erika Corona and Filippo Eros Pani}, 
  year={2013} 
 } 
 
 

@article{ oneShot, 
  title={One Shot Learning with Siamese Networks using Keras}, 
  url={https://towardsdatascience.com/}, 
  journal={towards data science}, 
  author={Harshall Lamba}, 
  year={2019}, 
  month={Jan}
 } 

@misc{ wiki:xxx,
  author = {{Estimation lemma}},
  title = "Estimation lemma --- {W}ikipedia{,} The Free Encyclopedia",
  year = "2010",
  url = "http://en.wikipedia.org/w/index.php?title=Estimation_lemma&oldid=375747928",
  note = "[Online; accessed 29-September-2012]"
}
